% Encoding: UTF-8

@Article{Frajtag12017,
  author  = {Jasenka Broz Frajtag1 and Jagoda Doko Jelinic2},
  title   = {Communication Problems and Quality of Life People with Hearing Loss},
  journal = {Glob J Otolaryngol},
  year    = {2017},
}

@Comment{jabref-meta: databaseType:bibtex;}
