%% LaTeX2e file `.bib'
%% generated by the `filecontents' environment
%% from source `report' on 2018/10/22.
%%
    @Article{Frajtag12017,
        author  = {Jasenka Broz Frajtag1 and Jagoda Doko Jelinic2},
        title   = {Communication Problems and Quality of Life People with Hearing Loss},
        journal = {Glob J Otolaryngol},
        year    = {2017},
    }
